%! Author = Evens
%! Date = 23/02/2023

